<record><leader>00000cas a22000007a 4500</leader><controlfield tag="001">13735939</controlfield><controlfield tag="008">860616d18671867utu x ne      0    0eng d</controlfield><datafield ind1=" " ind2=" " tag="010"><subfield code="a">sn 86091384 </subfield></datafield><datafield ind1=" " ind2=" " tag="040"><subfield code="a">UNP</subfield><subfield code="b">eng</subfield><subfield code="c">UNP</subfield><subfield code="d">OCLCQ</subfield></datafield><datafield ind1=" " ind2=" " tag="042"><subfield code="a">msc</subfield></datafield><datafield ind1="0" ind2="0" tag="245"><subfield code="a">Manti herald.</subfield></datafield><datafield ind1=" " ind2=" " tag="260"><subfield code="a">[Manti, Utah] :</subfield><subfield code="b">F.C. Robinson,</subfield><subfield code="c">1867-</subfield></datafield><datafield ind1=" " ind2=" " tag="300"><subfield code="a">v. ;</subfield><subfield code="c">31 cm.</subfield></datafield><datafield ind1=" " ind2=" " tag="310"><subfield code="a">Irregular</subfield></datafield><datafield ind1="0" ind2=" " tag="362"><subfield code="a">Vol. 1, no. 1 (Jan. 31, 1867)-</subfield></datafield><datafield ind1="1" ind2=" " tag="362"><subfield code="a">Ceased in 1867.</subfield></datafield><datafield ind1=" " ind2=" " tag="500"><subfield code="a">Manuscript.</subfield></datafield><datafield ind1=" " ind2=" " tag="752"><subfield code="a">United States</subfield><subfield code="b">Utah</subfield><subfield code="c">Sanpete</subfield><subfield code="d">Manti.</subfield></datafield><datafield ind1="0" ind2="0" tag="785"><subfield code="t">Manti herald and Sanpete advertiser</subfield><subfield code="w">(DLC)sn 86091385</subfield><subfield code="w">(OCoLC)13735967</subfield></datafield></record>